% ============================================================
% REFERENCES FOR SEPSIS RL PAPER
% Last Updated: 2025-10-16
% Total: ~35 core references
% ============================================================

% ============================================================
% SEPSIS & CLINICAL BACKGROUND
% ============================================================

@article{singer2016sepsis3,
  title={The third international consensus definitions for sepsis and septic shock (Sepsis-3)},
  author={Singer, Mervyn and Deutschman, Clifford S and Seymour, Christopher Warren and others},
  journal={JAMA},
  volume={315},
  number={8},
  pages={801--810},
  year={2016},
  publisher={American Medical Association}
}

@article{fleischmann2016sepsis,
  title={Assessment of global incidence and mortality of hospital-treated sepsis},
  author={Fleischmann, Carolin and Scherag, Andr{\'e} and Adhikari, Neill KJ and others},
  journal={American Journal of Respiratory and Critical Care Medicine},
  volume={193},
  number={3},
  pages={259--272},
  year={2016},
  publisher={American Thoracic Society}
}

@article{rudd2020sepsis,
  title={Global, regional, and national sepsis incidence and mortality, 1990--2017},
  author={Rudd, Kristina E and Johnson, Sarah Charlotte and Agesa, Kareha M and others},
  journal={The Lancet},
  volume={395},
  number={10219},
  pages={200--211},
  year={2020},
  publisher={Elsevier}
}

@article{rhodes2017ssc,
  title={Surviving sepsis campaign: international guidelines for management of sepsis and septic shock: 2016},
  author={Rhodes, Andrew and Evans, Laura E and Alhazzani, Waleed and others},
  journal={Intensive Care Medicine},
  volume={43},
  number={3},
  pages={304--377},
  year={2017},
  publisher={Springer}
}

@article{rivers2001egdt,
  title={Early goal-directed therapy in the treatment of severe sepsis and septic shock},
  author={Rivers, Emanuel and Nguyen, Bryant and Havstad, Suzanne and others},
  journal={New England Journal of Medicine},
  volume={345},
  number={19},
  pages={1368--1377},
  year={2001},
  publisher={Mass Medical Soc}
}

@article{arise2014,
  title={Goal-directed resuscitation for patients with early septic shock},
  author={{ARISE Investigators} and {ANZICS Clinical Trials Group} and Peake, Sandra L and Delaney, Anthony and Bailey, Michael and others},
  journal={New England Journal of Medicine},
  volume={371},
  number={16},
  pages={1496--1506},
  year={2014},
  publisher={Mass Medical Soc}
}

@article{vincent1996sofa,
  title={The SOFA (Sepsis-related Organ Failure Assessment) score to describe organ dysfunction/failure},
  author={Vincent, Jean-Louis and Moreno, Rui and Takala, Jukka and others},
  journal={Intensive Care Medicine},
  volume={22},
  number={7},
  pages={707--710},
  year={1996},
  publisher={Springer}
}

@article{ferreira2001sofa_validation,
  title={Serial evaluation of the SOFA score to predict outcome in critically ill patients},
  author={Ferreira, Fl{\'a}via L and Bota, Daliana P and Bross, Arnd and others},
  journal={JAMA},
  volume={286},
  number={14},
  pages={1754--1758},
  year={2001},
  publisher={American Medical Association}
}

% ============================================================
% RL IN HEALTHCARE
% ============================================================

@article{yu2021rl_healthcare,
  title={Reinforcement learning in healthcare: A survey},
  author={Yu, Chao and Liu, Jiming and Nemati, Shamim and Yin, Guosheng},
  journal={ACM Computing Surveys},
  volume={55},
  number={1},
  pages={1--36},
  year={2021},
  publisher={ACM New York, NY}
}

@article{gottesman2019guidelines,
  title={Guidelines for reinforcement learning in healthcare},
  author={Gottesman, Omer and Johansson, Fredrik and Komorowski, Matthieu and others},
  journal={Nature Medicine},
  volume={25},
  number={1},
  pages={16--18},
  year={2019},
  publisher={Nature Publishing Group}
}

@article{komorowski2018ai_clinician,
  title={The artificial intelligence clinician learns optimal treatment strategies for sepsis in intensive care},
  author={Komorowski, Matthieu and Celi, Leo A and Badawi, Omar and others},
  journal={Nature Medicine},
  volume={24},
  number={11},
  pages={1716--1720},
  year={2018},
  publisher={Nature Publishing Group}
}

@article{esteva2019dl_healthcare,
  title={A guide to deep learning in healthcare},
  author={Esteva, Andre and Robicquet, Alexandre and Ramsundar, Bharath and others},
  journal={Nature Medicine},
  volume={25},
  number={1},
  pages={24--29},
  year={2019},
  publisher={Nature Publishing Group}
}

% ============================================================
% SEPSIS RL - PRIMARY COMPARISON PAPERS
% ============================================================

@inproceedings{raghu2017sepsis_drl,
  title={Deep reinforcement learning for sepsis treatment},
  author={Raghu, Aniruddh and Komorowski, Matthieu and Ahmed, Imran and others},
  booktitle={NeurIPS Workshop on Machine Learning for Health},
  year={2017},
  note={arXiv preprint arXiv:1711.09602}
}

@inproceedings{yao2021sepsis_cql,
  title={Offline reinforcement learning for sepsis treatment with conservative Q-learning},
  author={Yao, Lingxiao and others},
  booktitle={Machine Learning for Healthcare Conference},
  pages={TBD},
  year={2021},
  organization={PMLR}
}

@article{liu2020sepsis_multistage,
  title={Deep reinforcement learning for sepsis treatment: A multi-stage approach},
  author={Liu, Siqi and See, Kay Choong and others},
  journal={arXiv preprint arXiv:2009.08636},
  year={2020}
}

% ============================================================
% RL ALGORITHMS
% ============================================================

@article{mnih2015dqn,
  title={Human-level control through deep reinforcement learning},
  author={Mnih, Volodymyr and Kavukcuoglu, Koray and Silver, David and others},
  journal={Nature},
  volume={518},
  number={7540},
  pages={529--533},
  year={2015},
  publisher={Nature Publishing Group}
}

@inproceedings{vanHasselt2016double_dqn,
  title={Deep reinforcement learning with double Q-learning},
  author={Van Hasselt, Hado and Guez, Arthur and Silver, David},
  booktitle={AAAI Conference on Artificial Intelligence},
  volume={30},
  number={1},
  year={2016}
}

@inproceedings{kumar2020cql,
  title={Conservative Q-learning for offline reinforcement learning},
  author={Kumar, Aviral and Zhou, Aurick and Tucker, George and Levine, Sergey},
  booktitle={Advances in Neural Information Processing Systems},
  volume={33},
  pages={1179--1191},
  year={2020}
}

@inproceedings{fujimoto2021minimalist,
  title={A minimalist approach to offline reinforcement learning},
  author={Fujimoto, Scott and Gu, Shixiang Shane},
  booktitle={Advances in Neural Information Processing Systems},
  volume={34},
  pages={20132--20145},
  year={2021}
}

@article{pomerleau1991bc,
  title={Efficient training of artificial neural networks for autonomous navigation},
  author={Pomerleau, Dean A},
  journal={Neural Computation},
  volume={3},
  number={1},
  pages={88--97},
  year={1991},
  publisher={MIT Press}
}

@inproceedings{ross2010dagger,
  title={Efficient reductions for imitation learning},
  author={Ross, St{\'e}phane and Bagnell, Drew},
  booktitle={Proceedings of the Fourteenth International Conference on Artificial Intelligence and Statistics},
  pages={661--668},
  year={2010},
  organization={JMLR Workshop and Conference Proceedings}
}

@article{levine2020offline,
  title={Offline reinforcement learning: Tutorial, review, and perspectives on open problems},
  author={Levine, Sergey and Kumar, Aviral and Tucker, George and Fu, Justin},
  journal={arXiv preprint arXiv:2005.01643},
  year={2020}
}

@inproceedings{fujimoto2019offpolicy,
  title={Off-policy deep reinforcement learning without exploration},
  author={Fujimoto, Scott and Meger, David and Precup, Doina},
  booktitle={International Conference on Machine Learning},
  pages={2052--2062},
  year={2019},
  organization={PMLR}
}

@inproceedings{kostrikov2021iql,
  title={Offline reinforcement learning with implicit Q-learning},
  author={Kostrikov, Ilya and Nair, Ashvin and Levine, Sergey},
  booktitle={International Conference on Learning Representations},
  year={2022}
}

@inproceedings{chen2021decision_transformer,
  title={Decision transformer: Reinforcement learning via sequence modeling},
  author={Chen, Lili and Lu, Kevin and Rajeswaran, Aravind and Lee, Kimin and Grover, Aditya and Laskin, Misha and Abbeel, Pieter and Srinivas, Aravind and Mordatch, Igor},
  booktitle={Advances in Neural Information Processing Systems},
  volume={34},
  pages={15084--15097},
  year={2021}
}

% ============================================================
% INTERPRETABILITY & EXPLAINABILITY
% ============================================================

@inproceedings{greydanus2018leg,
  title={Visualizing and understanding Atari agents},
  author={Greydanus, Sam and Koul, Anurag and Dodge, Jonathan and Fern, Alan},
  booktitle={International Conference on Machine Learning},
  pages={1792--1801},
  year={2018},
  organization={PMLR}
}

@inproceedings{zahavy2016graying,
  title={Graying the black box: Understanding DQNs},
  author={Zahavy, Tom and Ben-Zrihem, Nir and Mannor, Shie},
  booktitle={International Conference on Machine Learning},
  pages={1899--1908},
  year={2016},
  organization={PMLR}
}

@inproceedings{lundberg2017shap,
  title={A unified approach to interpreting model predictions},
  author={Lundberg, Scott M and Lee, Su-In},
  booktitle={Advances in Neural Information Processing Systems},
  volume={30},
  year={2017}
}

@article{holzinger2017xai_healthcare,
  title={What do we need to build explainable AI systems for the medical domain?},
  author={Holzinger, Andreas and Biemann, Chris and Pattichis, Constantinos S and Kell, Douglas B},
  journal={arXiv preprint arXiv:1712.09923},
  year={2017}
}

@misc{fda2021ai,
  title={Artificial Intelligence and Machine Learning (AI/ML)-Enabled Medical Devices},
  author={{U.S. Food and Drug Administration}},
  year={2021},
  howpublished={\url{https://www.fda.gov/medical-devices/software-medical-device-samd/artificial-intelligence-and-machine-learning-aiml-enabled-medical-devices}},
  note={Accessed: 2024-10-28}
}

% ============================================================
% MIMIC-III & DATASETS
% ============================================================

@article{johnson2016mimic3,
  title={MIMIC-III, a freely accessible critical care database},
  author={Johnson, Alistair EW and Pollard, Tom J and Shen, Lu and others},
  journal={Scientific Data},
  volume={3},
  number={1},
  pages={1--9},
  year={2016},
  publisher={Nature Publishing Group}
}

@article{pollard2018eicu,
  title={The eICU Collaborative Research Database, a freely available multi-center database for critical care research},
  author={Pollard, Tom J and Johnson, Alistair EW and Raffa, Jesse D and others},
  journal={Scientific Data},
  volume={5},
  number={1},
  pages={1--13},
  year={2018},
  publisher={Nature Publishing Group}
}

@inproceedings{oberst2019sepsis_sim,
  title={Counterfactual off-policy evaluation with Gumbel-Max structural causal models},
  author={Oberst, Michael and Sontag, David},
  booktitle={International Conference on Machine Learning},
  pages={4881--4890},
  year={2019},
  organization={PMLR}
}

% ============================================================
% REWARD SHAPING
% ============================================================

@inproceedings{ng1999reward_shaping,
  title={Policy invariance under reward transformations: Theory and application to reward shaping},
  author={Ng, Andrew Y and Harada, Daishi and Russell, Stuart},
  booktitle={ICML},
  volume={99},
  pages={278--287},
  year={1999}
}

@inproceedings{hadfield2017inverse_reward,
  title={Inverse reward design},
  author={Hadfield-Menell, Dylan and Milli, Smitha and Abbeel, Pieter and others},
  booktitle={Advances in Neural Information Processing Systems},
  volume={30},
  year={2017}
}

% ============================================================
% EVALUATION & BENCHMARKS
% ============================================================

@article{fu2020d4rl,
  title={D4RL: Datasets for deep data-driven reinforcement learning},
  author={Fu, Justin and Kumar, Aviral and Nachum, Ofir and others},
  journal={arXiv preprint arXiv:2004.07219},
  year={2020}
}

@article{dulac2021real_world_rl,
  title={Challenges of real-world reinforcement learning: definitions, benchmarks and analysis},
  author={Dulac-Arnold, Gabriel and Levine, Nir and Mankowitz, Daniel J and others},
  journal={Machine Learning},
  volume={110},
  number={9},
  pages={2419--2468},
  year={2021},
  publisher={Springer}
}

% ============================================================
% HEURISTIC POLICY - CLINICAL GUIDELINES
% ============================================================

@article{seymour2017sepsis_criteria,
  title={Assessment of clinical criteria for sepsis: for the Third International Consensus Definitions for Sepsis and Septic Shock (Sepsis-3)},
  author={Seymour, Christopher W and Liu, Vincent X and Iwashyna, Theodore J and others},
  journal={JAMA},
  volume={315},
  number={8},
  pages={762--774},
  year={2016},
  publisher={American Medical Association}
}

@article{debacker2014microcirculation,
  title={Microcirculatory alterations in patients with severe sepsis: impact of time of assessment and relationship with outcome},
  author={De Backer, Daniel and Donadello, Katia and Sakr, Yasser and others},
  journal={Critical Care Medicine},
  volume={41},
  number={3},
  pages={791--799},
  year={2013},
  publisher={LWW}
}

@book{shortliffe1976mycin,
  title={Computer-based medical consultations: MYCIN},
  author={Shortliffe, Edward Hance},
  year={1976},
  publisher={Elsevier}
}

% ============================================================
% HYBRID REWARD - MULTI-OBJECTIVE SHAPING
% ============================================================

@inproceedings{brys2014multi_objective_shaping,
  title={Multi-objectivization and ensembles of shapings in reinforcement learning},
  author={Brys, Tim and Harutyunyan, Anna and Suay, Halit Bener and others},
  booktitle={Proceedings of the 2014 International Conference on Autonomous Agents and Multi-agent Systems},
  pages={1261--1268},
  year={2014}
}

@article{dewancker2016reward_shaping_optimization,
  title={Optimizing reward shaping with Bayesian optimization},
  author={Dewancker, Ian and McCourt, Michael and Clark, Scott},
  journal={arXiv preprint arXiv:1610.03475},
  year={2016}
}

% ============================================================
% ADDITIONAL HEALTHCARE CONTEXT
% ============================================================

@article{shortliffe2018cdss,
  title={Clinical decision support in the era of artificial intelligence},
  author={Shortliffe, Edward H and Sep{\'u}lveda, Marcelo J},
  journal={JAMA},
  volume={320},
  number={21},
  pages={2199--2200},
  year={2018},
  publisher={American Medical Association}
}

@article{killian2020representation,
  title={An empirical study of representation learning for reinforcement learning in healthcare},
  author={Killian, Taylor W and Daulton, Samuel and Konidaris, George and Doshi-Velez, Finale},
  journal={arXiv preprint arXiv:2011.11235},
  year={2020}
}

@article{prudencio2023offline_survey,
  title={A survey on offline reinforcement learning: Taxonomy, review, and open problems},
  author={Prudencio, Rafael Figueiredo and Maximo, Marcos ROA and Colombini, Esther Luna},
  journal={IEEE Transactions on Neural Networks and Learning Systems},
  year={2023},
  publisher={IEEE}
}

@inproceedings{he2016deep,
  title={Deep residual learning for image recognition},
  author={He, Kaiming and Zhang, Xiangyu and Ren, Shaoqing and Sun, Jian},
  booktitle={Proceedings of the IEEE Conference on Computer Vision and Pattern Recognition},
  pages={770--778},
  year={2016}
}

@inproceedings{haarnoja2018soft,
  title={Soft actor-critic: Off-policy maximum entropy deep reinforcement learning with a stochastic actor},
  author={Haarnoja, Tuomas and Zhou, Aurick and Abbeel, Pieter and Levine, Sergey},
  booktitle={International Conference on Machine Learning},
  pages={1861--1870},
  year={2018},
  organization={PMLR}
}

@inproceedings{haarnoja2018soft_applications,
  title={Soft actor-critic algorithms and applications},
  author={Haarnoja, Tuomas and Zhou, Aurick and Hartikainen, Kristian and Tucker, George and Ha, Sehoon and Tan, Jie and Kumar, Vikash and Zhu, Henry and Gupta, Abhishek and Abbeel, Pieter and Levine, Sergey},
  booktitle={arXiv preprint arXiv:1812.05905},
  year={2018}
}
